<?xml version="1.0" encoding="UTF-8"?><collection xmlns="http://www.loc.gov/MARC21/slim"><record><leader>00560nam--2200181-i-4500</leader><controlfield tag="001">000045508</controlfield><controlfield tag="002">20161230</controlfield><controlfield tag="005">20161230201045</controlfield><controlfield tag="008">060222s1000------------r-----000-0-fre-d</controlfield><datafield ind1=" " ind2=" " tag="040"><subfield code="a">IFIN-HH</subfield></datafield><datafield ind1=" " ind2=" " tag="041"><subfield code="a">fre</subfield></datafield><datafield ind1=" " ind2=" " tag="080"><subfield code="a">015:539.124</subfield></datafield><datafield ind1="1" ind2=" " tag="100"><subfield code="a">Tribollet, Bernard</subfield></datafield><datafield ind1="1" ind2="0" tag="245"><subfield code="a">Etude par resonance electronique des colloides metalliques obtenus par bombardement ionique de flourure de lithium</subfield><subfield code="b">These</subfield><subfield code="c">Bernard tribollet</subfield></datafield><datafield ind1=" " ind2=" " tag="260"><subfield code="a">Lyon</subfield><subfield code="b">Universite Claude-bernard</subfield><subfield code="c">1971</subfield></datafield><datafield ind1=" " ind2=" " tag="300"><subfield code="a">76 P</subfield></datafield><datafield ind1=" " ind2=" " tag="852"><subfield code="a">38016</subfield><subfield code="c">539.143.43</subfield></datafield><datafield ind1=" " ind2=" " tag="CAT"><subfield code="a">Sys</subfield><subfield code="c">20120508</subfield><subfield code="h">131829</subfield></datafield></record></collection>